% ------------------------------------------------------------------------
% SAMPLE BIBLIOGRAPHY FILE
% ------------------------------------------------------------------------



@BOOK{texbook,
   author = "Donald E. Knuth",
   title= "The {{\TeX}book}",
   publisher = "Addison-Wesley",
   year = 1984 }

@BOOK{latex,
   author = "Leslie Lamport",
   title = "{\LaTeX:} {A} Document Preparation System",
   publisher = "Addison-Wesley",
   year = 1986 }

% ------------------------------------------------------------------------

@BOOK{EstadisticaPracticacd,
	author={P. Bruce and A. Bruce and P. Gedeck},
	title={Estadistica Practica para ciencia de datos con R y Python},
	publisher= {Anaya Multimedia},
	year={2020},
}

@BOOK{StatisticalLearning,
	author={J. Suzuki},
	title={Statistical Learning with Math and Python},
	publisher= {Springer Nature},
	year={2021},
}

@BOOK{2020Gold,
	author={C. Gold},
	title={Fighting Churn with Data: The science and strategy of customer retention},
	publisher= {Manning},
	year={2020},
}

@BOOK{2023Peterson,
	author = "M. Peterson",
	title = "Marketing Analytics: Predicting Customer Churn in Python",
	publisher = "DataCamp",
	year = 2023 }

@BOOK{2021KumarUsman,
	author={S. Kumar Mukhiya and Usman Ahmed},
	title={Hands-On Exploratory Data Analysis with
	Python},
	publisher= {Packt Publishing},
	year={2020},
}

@BOOK{2017Géron,
	author={A. Géron},
	title={Hands-On Machine Learning with Scikit-Learn and TensorFlow},
	publisher= {O’Reilly},
	year={2017},
}

@BOOK{RR73,
 author={H. Radjavi and P. Rosenthal},
 title={Invariant {Subspaces}},
 publisher={Springer-Verlag},
 address={New York},
 year={1973},
}

@BOOK{Aup91,
 author={B. Aupetit},
 title={A {Primer} on {Spectral} {Theory}},
 publisher={Springer-Verlag},
 address={New York},
 year={1991},
}



@BOOK{Dou72,
 author={R. G. Douglas},
 title={Banach {Algebra} {Techniques} in {Operator} {Theory}},
 publisher={Academic Press},
 address={New York},
 year={1972},
}

@BOOK{Hal82,
 author={P. R. Halmos},
 title={A {Hilbert} {Space} {Problem} {Book}},
 edition={Second},
 publisher={Springer-Verlag},
 address={New York},
 year={1982},
}

@BOOK{Rud73,
 author={W. Rudin},
 title={Functional {Analysis}},
 publisher={McGraw-Hill},
 address={New York},
 year={1973},
}

@BOOK{Con90,
 author={J. B. Conway},
 title={A {Course} in {Functional} {Analysis}},
 edition={Second},
 publisher={Springer-Verlag},
 address={New York},
 year={1990},
}

@BOOK{Con78,
 author={J. B. Conway},
 title={Functions of {One} {Complex} {Variable}},
 publisher={Springer-Verlag},
 address={New York},
 year={1978},
}

@BOOK{KR83,
 author={R. V. Kadison and J. R. Ringrose},
 title={Fundamentals of the {Theory} of {Operator} {Algebras},
        {Part} {I}},
 publisher={Academic Press},
 address={New York},
 year={1983},
}

@BOOK{KR86,
 author={R. V. Kadison and J. R. Ringrose},
 title={Fundamentals of the {Theory} of {Operator} {Algebras},
        {Part} {II}},
 publisher={Academic Press},
 address={New York},
 year={1986},
}

@INBOOK{SFPT,
 author={N. Dunford and J. T. Schwartz},
 title={Linear {Operators},
        {Part} {I}: {General} {Theory}},
 pages={456},
 publisher={Interscience},
 address={New York},
 year={1957},
}

@BOOK{DS57,
 author={N. Dunford and J. T. Schwartz},
 title={Linear {Operators},
        {Part} {I}: {General} {Theory}},
 publisher={Interscience},
 address={New York},
 year={1957},
}

@BOOK{Gan59,
 author={F. R. Gantmacher},
 title={Applications of the {Theory} of {Matrices}},
 publisher={Interscience},
 address={New York},
 year={1959},
}

@BOOK{Pau86,
 author={Vern I. Paulsen},
 title={Completely bounded maps and dilations},
 series={Pitman Research Notes in Mathematics Series},
 volume={146},
 publisher={Longman Scientific \& Technical},
 address={Harlow UK},
 year={1986},
}

@BOOK{Dav88,
 author={Kenneth R. Davidson},
 title={Nest algebras},
 series={Pitman Research Notes in Mathematics Series},
 volume={191},
 publisher={Longman Scientific \& Technical},
 address={Harlow UK},
 year={1988},
}

@BOOK{Spi65,
 author={Michael Spivak},
 title={Calculus on {Manifolds}},
 publisher={The Benjamin/Cummings Publishing Company},
 address={New York},
 year={1965},
}

@BOOK{Dev68,
 author={Allen Devinaz},
 title={Advanced {Calculus}},
 publisher={Holt, Rinehart and Winston},
 address={New York},
 year={1968},
}

@BOOK{Gam90,
 editor={R. V. Gamkerlidze},
 title={Analysis {I}{I}: {Convex} {Analysis} and
        {Approximation} {Theory}},
 series={Encyclopaedia of Mathematical Sciences},
 volume={14},
 publisher={Springer-Verlag},
 address={New York},
 year={1990},
}

@BOOK{Hen93,
 author={Peter Henderson},
 title={Object-oriented specification and design with {C}$++$},
 publisher={McGraw-Hill},
 address={London},
 year={1993},
}

% ------------------------------------------------------------------------

@ARTICLE{Rea85,
 author={C. J. Read},
 title={A solution to the invariant subspace problem on the space $l_1$},
 journal={Bull. London Math. Soc.},
 volume={17},
 year={1985},
 pages={305-317},
}

@ARTICLE{Enf87,
 author={P. Enflo},
 title={On the invariant subspaces problem for {Banach} spaces},
 journal={Acta. Math.},
 note={Seminare Maurey-Schwartz (1975-1976)},
 volume={158},
 year={1987},
 pages={213-313},
}

@ARTICLE{Dau75,
 author={J. Daughtry},
 title={An invariant subspace theorem},
 journal={Proc. Amer. Math. Soc.},
 volume={49},
 year={1975},
 pages={267-268},
}

@ARTICLE{KPS75,
 author={H. W. Kim and C. Pearcy and A. L. Shields},
 title={Rank-One Commutators and Hyperinvariant Subspaces},
 journal={Michigan Math. J.},
 volume={22},
 number={3},
 year={1975},
 pages={193-194},
}

% --------------------------------------------------------------------------

@ARTICLE{Rad87,
 author={H. Radjavi},
 title={The {Engel}-{Jacobson} {Theorem} {Revisited}},
 journal={J. Alg.},
 volume={111},
 year={1987},
 pages={427-430},
}

@ARTICLE{MOR91,
 author={B. Mathes and M. Omladi\v{c} and H. Radjavi},
 title={Linear {Spaces} of {Nilpotent} {Operators}},
 journal={Linear Algebra Appl.},
 volume={149},
 year={1991},
 pages={215-225},
}

@ARTICLE{Lom73,
 author={V. I. Lomonosov},
 title={Invariant subspaces for operators commuting with compact
        operators},
 journal={Functional Anal. Appl.},
 volume=7,
 year=1973,
 pages="213-214",
}

@ARTICLE{Lom91,
 author={V. I. Lomonosov},
 title={An extension of {Burnside}'s theorem to infinite
        dimensional spaces},
 journal={Israel J. Math},
 volume=75,
 year=1991,
 pages="329-339",
}

@ARTICLE{Lom92,
 author={V. I. Lomonosov},
 title={On {Real} {Invariant} {Subspaces} of {Bounded} {Operators} with
       {Compact} {Imaginary} {Part}},
 journal={Proc. Amer. Math. Soc.},
 volume=115,
 number=3,
 month=jul,
 year=1992,
 pages="775-777",
}

@ARTICLE{dB59,
 author={L. de Branges},
 title={The {Stone}-{Weierstrass} {Theorem}},
 journal={Proc. Amer. Math. Soc.},
 volume=10,
 year=1959,
 pages="822-824",
}

@ARTICLE{dB93,
 author={L. de Branges},
 title={A construction of invariant subspaces},
 journal={Math. Nachr.},
 volume=163,
 year=1993,
 pages="163-175",
}

@ARTICLE{AAB95,
 author={Y. A. Abramovich and C. D. Aliprantis and O. Burkinshaw},
 title={Another Characterization of the Invariant Subspace Problem},
 journal={Operator Theory in Function Spaces and Banach Lattices.
          {\em The A.C.\,Zaanen Anniversary Volume},
          Operator Theory: Advances and Applications},
 volume={75},
 year={1995},
 pages={15-31},
 note={Birkh\"auser Verlag},
}

@ARTICLE{LM65,
 author={Ju. I. Ljubi\v{c} and V. I. Macaev},
 title={On Operators with a Separable Spectrum},
 journal={Amer. Math. Soc. Transl. (2)},
 volume={47},
 year={1965},
 pages={89-129},
}

% ------------------------------------------------------------------------

@MASTERSTHESIS{Sim90,
 author={A. Simoni\v{c}},
 title={Grupe Operatorjev s Pozitivnim Spektrom},
 school={Univerza v Ljubljani, FNT, Oddelek za Matematiko},
 year={1990},
}

@UNPUBLISHED{Sim91,
 author={A. Simoni\v{c}},
 title={Notes on {Subharmonic} {Functions}},
 note={Lecture Notes, Dalhousie University,
       Department of Mathematics, Statistics, \& Computing Science},
 year={1991},
}

@ARTICLE{Sim92,
 author={A. Simoni\v{c}},
 title={Matrix {Groups} with {Positive} {Spectra}},
 journal={Linear Algebra Appl.},
 volume={173},
 year={1992},
 pages={57-76},
}

@PHDTHESIS{Sim94,
 author={A. Simoni\v{c}},
 title={An {Extension} of {Lomonosov's} {Techniques} to {Non}-{Compact}
       {Operators}},
 school={Dalhousie University,
         Department of Mathematics, Statistics, \& Computing Science},
 year={1994},
}

@ARTICLE{Sim96a,
 author={A. Simoni\v{c}},
 title={A {Construction} of {Lomonosov} {Functions} and
       {Applications} to the {Invariant} {Subspace} {Problem}},
 journal={Pacific J. Math.},
 volume={175},
 pages={257-270},
 year={1996},
}

@ARTICLE{Sim96b,
 author={A. Simoni\v{c}},
 title={An extension of {Lomonosov's} {Techniques} to non-compact
       {Operators}},
 journal={Trans. Amer. Math. Soc.},
 volume={348},
 pages={975-995},
 year={1996},
}

@ARTICLE{Halsey86,
 author={T.C. Halsey and  M.H. Jensen and  L.P. Kadanoff and I. Procaccia and B.I.Shraiman},
 title={Fractal {M}easures and their {S}ingularities: {T}he {C}haracterization of {S}trange {S}ets},
 journal={Phys. Rev. A},
 volume={33},
 number={2},
 pages={1141-1151},
 year={1986},
}
@ARTICLE{Chhabra&Jensen89,
 author={A. Chhabra and R.V. Jensen},
 title={Direct {D}etermination of the f($\alpha$) {S}ingularity {S}pectrum},
 journal={Phys. Rev. Lett.},
 volume={62},
 number={12},
 pages={1327-1330},
 year={1989},
}

@INCOLLECTION{Olsen2000,
 author={L. Olsen},
 title={Multifractal {G}eometry},
 editor={ C. Band and S. Graf and  M. Zahle},
 booktitle={Fractal Geometry and Stochastics II},
 series={Progress in Probability},
 volume={46},
 pages={3-37},
 publisher={Birkhauser-Verlag},
 address={Basel-Boston-Berlin},
 year={2000},
}
@INCOLLECTION{Evertsz&Mandelbrot92,
 author={C.J.G. Evertsz and B.B. Mandelbrot},
 title={Multifractal {M}easures},
 editor={H.O. Peitgen and H. Jurgens and D. Saupe},
 booktitle={Chaos and Fractals},
 series={Appendix B},
 pages={921-969},
 publisher={Springer-Verlag},
 address={New York},
 year={1992},
}

@BOOK{Falconer90,
 author={K. Falconer},
 title={Fractal Geometry},
 publisher={John Wiley and Sons},
 year={1990},
}

@BOOK{Beck&Schlogl93,
 author={C. Beck and F. Schlogl},
 title={Thermodynamics of Chaotic Systems},
 publisher={Cambridge University Press},
 year={1993},
}

@BOOK{Mandelbrot82,
 author={B.B. Mandelbrot},
 title={The Fractal Geometry of Nature},
 publisher={W.H. Freeman},
 address={USA},
 year={1982},
}

@BOOK{Mandelbrot98,
 author={B.B. Mandelbrot},
 title={Multifractals and 1/f Noise},
 publisher={Springer-Verlag},
 year={1998},
}

@INCOLLECTION{Besicovitch93,
 author={A.S. Besicovitch},
 title={Mathematische {A}nnalen 110 (1934) 321},
 editor={Gerald},
 booktitle={Classics on Fractals},
 publisher={A. Edgar, Addisson Wesley},
 year={1993},
}

@ARTICLE{Eggleston49,
 author={H.G. Eggleston},
 title={The {F}ractional {D}imension of a {S}et {D}efined by {D}ecimal {P}roperties},
 journal={Quart. Journ. Of Math.},
 volume={20},
 number={31},
 year={March 1949},
}

@BOOK{Billingsley65,
 author={P. Billingsley},
 title={Ergodic {T}heory and {I}nformation},
 publisher={JohnWiley and Sons},
 year={1965},
}

@ARTICLE{Billingsley61,
 author={P. Billingsley},
 title={Hausdorff {D}imension in {P}robability {T}heory {II}},
 journal={Ill. J. Math.},
 number={5},
 pages={291},
 year={1961},
}

@ARTICLE{Mandelbrot74,
 author={B.B. Mandelbrot},
 title={MMMMMMMMM},
 journal={Journal of Fluid Mechanics},
 volume={62},
 pages={331},
 year={1974},
}

@INCOLLECTION{Frisch&Parisi85,
 author={U. Frisch and G. Parisi},
 title={International {S}chool for {P}hysics {E}nrico {F}ermi Course 88},
 editor={M. Ghil},
 booktitle={Turbulence and Predictability in Geophysical Fluid Dynamics and Climate Dynamics},
 pages={84-88},
 publisher={North Holland},
 year={1985},
}

@BOOK{Vicsek89,
 author={T. Vicsek},
 title={Fractal {G}rowth {P}henomena},
 publisher={World Scientific Publishing Co.},
 year={1989},
}

@BOOK{Feder88,
 author={J. Feder},
 title={Fractals},
 publisher={Plenum Press},
 year={1988},
}

@BOOK{Mandelbrot95,
 author={B.B. Mandelbrot},
 title={Les {O}bjects {F}ractals: forme, hassard et dimension},
 edition={Quatriem},
 publisher={Flammarion},
 address={France},
 year={1995},
}

@MASTERSTHESIS{Tesis-Izquierdo,
 author={E. Izquierdo},
 title={Un punto de vista {M}ecánico {E}stadístico sobre {M}ultifractales},
 school={IPN, ESFM},
 year={2001},
}

@BOOK{Barnsley93,
 author={M. F. Barnsley},
 title={Fractals {E}verywhere},
 edition={Second},
 publisher={Iterated Systems, Inc.},
 address={Atlanta Georgia},
 year={1993},
}

@BOOK{Yale18,
 author={ M. Frame and B. Mandelbrot and N. Neger},
 title={Fractal {G}eometry},
  publisher={https://users.math.yale.edu/},
 year={2018},
}

@ARTICLE{ByD85,
 author={M.F. Barnsley and S. G. Demko},
 title={Iterated {F}unction {S}ystems and the {G}lobal {C}onstruction of {F}ractals},
 journal={Proc. R. Soc. Lond. A},
 volume={399},
 pages={243-275},
 year={1985},
}

@MASTERSTHESIS{Ramesh2008,
 author={G. Ramesh},
 title={Fractal {I}nterpolation},
 school={Department of Mathematics, University of Central Florida},
 year={2008},
}

@INCOLLECTION{Del-Rio90,
 author={J. L. DelRío-Correa},
 title={Generación de {F}ractals por {C}computadora usando un {SFI}},
 booktitle={2o Taller Internacional de Procesamiento de Imágenes y Visión},
 publisher={Departamento de Física, UAM Iztapalapa},
 year={1990},
}

@ARTICLE{CyM92,
 author={R. Cawley and R. D. Mauldin},
 title={Multifractal {D}escomposition on {M}oran {F}ractals},
 journal={Adv. Math},
 volume={92},
 pages={196-236},
 year={1992},
}

@ARTICLE{Hutchinson81,
 author={J. Hutchinson},
 title={Fractals and {S}elft-similarity},
 journal={Ind. J. Math},
 volume={30},
 pages={713-747},
 year={1981},
}

@BOOK{Edgar98,
 author={G.A. Edgar},
 title={Integral, {P}robability, and {F}ractal {M}easures},
 publisher={Springer-Verlag},
 address={New York},
 year={1998},
}

@ARTICLE{EyM92,
 author={G.A. Edgar and R. D. Mauldin},
 title={Multifractals {D}ecompositions of {D}igraphs {R}ecursive {F}ractals},
 journal={Proc. London  Math. Soc.},
 volume={65},
 pages={602-628},
 year={1992},
}

@ARTICLE{Olsen95,
 author={L. Olsen},
 title={A Multifractal {F}ormalism},
 journal={Adv.  Math.},
 volume={116},
 pages={82-196},
 year={1995},
}

@BOOK{Danilov2006,
 author={I.A. Danílov},
 title={Lecciones de {D}inámica {N}o-{L}ineal. {U}na introducción elemental},
 publisher={Moscú},
 address={URSS},
 year={2006},
}

@ARTICLE{MSF94,
 author={Jean-Luc Charbert},
 title={Medio {S}iglo de {F}ractales: 1870-1920},
 journal={Contactos},
 volume={1},
 pages={33-44},
 year={1994},
}

@ARTICLE{Del-Rio2017,
 author={J. L. DelRío-Correa},
 title={Medida, {D}imensión y {F}ractales},
 journal={Bol. Soc. Mex. Fís.},
 volume={31-1},
 pages={17-31},
 year={2017},
}

@BOOK{Peitgen2004,
 author={Heinz-Otto Peitgen and Hartmut Jürgens and Dietmar Saupe},
 title={Chaos and {F}ractals. {N}ew {F}rontiers of {S}cience},
 publisher={Springer-Verlag},
 edition=2,
 address={New York},
 year={2004},
}

@ARTICLE{Hentschel83,
 author={H.G.E. Hentschel and I. Procaccia},
 title={The {I}nfinite {N}umber of {G}eneralized {D}imensions of {F}ractals and {S}trange {A}ttractors},
 journal={Physica},
 volume={8},
 number={D},
 pages={435-444},
 year={1983},
}

@ARTICLE{Chhabra-J-S89,
 author={A. B. Chhabra and R.V. Jensen and K.R. Sreenivasan},
 title={Extraction of {U}nderlying {M}ultiplicative {P}rocesses from {M}ultifractals {V}ía the {T}hermodynamics {F}ormalism},
 journal={Phys. Rev. A},
 volume={40},
 number={8},
 pages={4593-4611},
 year={1989},
}

@ARTICLE{Moran46,
 author={P.A.P. Moran},
 title={Additive {F}unctions of {I}ntervals and {H}ausdorff {M}easure},
 journal={Proceedings of the Cambridge Philosophical Society},
 volume={42},
 pages={15-23},
 year={1946},
}

@MASTERSTHESIS{Gabidu2016,
 author={G. Durán-Meza},
 title={Teorema de {E}ggleston en {M}ultifractales},
 school={UAM, Iztapalapa},
 year={2016},
}
@INCOLLECTION{Del-Rio2010,
 author={J. L. DelRío-Correa},
 title={Entropía de {S}hannon y {D}imensión},
 booktitle={Memorias de la XV {R}eunión {N}acional de {F}ísica y {M}atemáticas},
 publisher={ESFM-IPN},
 year={2010},
}

@ARTICLE{Peyriere2003,
 author={Jacques Peyriére},
 title={Multifractal {F}ormalisms: {B}oxed {V}ersus {C}entered {I}ntervals},
 journal={Analysis in Theory and Applications},
 volume={19},
 number={4},
 pages={332-341},
 year={2003},
}

@ARTICLE{Olsen-survey,
 author={L. Olsen},
 title={Multifractal {A}nalysis. {A} selected survey},
 note={Lecture Notes, St. Andrews University,
      School of Mathematics and Statistics},
 journal={
https://math.unt.edu/sites/www.math.unt.edu/files/users/cag0248/olsen-slides.pdf },
 year={2018},
}


@BOOK{Khinchin57,
 author={A. I. Khinchin},
 title={Mathematical {F}oundations of {I}nformation {T}heory},
 publisher= {Dover Publications},
 address={New York},
 year={1957},
}

@BOOK{Pesin-Climenhaga2009,
 author={Yakov Pesin and Vaughn Climenhaga},
 title={ Lectures on {F}ractal {G}eometry and {D}ynamical {S}ystems},
 publisher= {American Mathematical Society},
 address={USA},
 note={A discussion on the pointwise dimension is found in Lecture 16 page 123.},
 year={2009},
}

@BOOK{Sole-Manrubia93,
 author={Ricard Solé and Susanna C. Manrubia},
 title={Orden y  {C}aos en {S}istemas {C}omplejos},
 publisher= {Ediciones UPC},
 address={Cataluña},
 year={1993},
}

@INCOLLECTION{Del-Rio2013,
 author={J. L. DelRío-Correa},
 title={Caracterización {E}stadística del {C}aos {D}eterminista},
 editor={García-Colín Scherer, Leopoldo},
 booktitle={Procesos {I}rreversibles. {T}eoría y {A}plicaciones III},
 publisher={El Colegio Nacional},
 year={2013},
}

@BOOK{Gnedenko-Khinchin2015,
 author={B. V. Gnedenko and A. Ya. Khinchin},
 title={An {E}lementary {I}ntroduction
to the {T}heory of {P}robability},
 publisher= {Dover},
 address={Berlin},
 year={2015},
}

@ARTICLE{ HK2014,
 author={Shohei  Hidaka and Neeraj Kashyap},
 title={On the {E}stimation of {P}ointwise {D}imension},
 journal={Cornell University (arXiv:1312.2298)},
 pages={1-25},
 year={2014},
}

@INCOLLECTION{Lam1998,
 author={L. Lam and R.D. Freimuth and J.L. Drake},
 title={Simple {M}ultifractals witn {S}ierpinski {G}asket {S}upports},
 editor={Lui Lam},
 booktitle={Nonlinear {P}hysics for {B}eginners},
 publisher={World Scientific Publishing Co.},
 year={1998},
}

@ARTICLE{Chen2014,
 author={Yanguang Chen},
 title={Multifractals of central place systems: {M}odels, dimension spectrums, and empirical analysis},
 journal={Physica A},
 volume={402},
 pages={266-282},
 year={2014},
}

@ARTICLE{Vicsek1990,
 author={Tamás Vicsek},
 title={Mass {M}ultifractals},
 journal={Physica A},
 volume={168},
 pages={490-497},
 year={1990},
}

@ARTICLE{Chhabra-M-J-S-1989,
 author={A. B. Chhabra and C. Meneveau, and R.V. Jensen and K.R. Sreenivasan},
 title={Direct determination of the $f(\alpha)$ singularity spectrum and its application to fully developed turbulence},
 journal={Phys. Rev. A},
 volume={40},
 number={9},
 pages={5284-5294},
 year={1989},
}

@ARTICLE{Del-Rio2018,
 author={J. L. DelRío-Correa and J. López-García and G. Durán-Meza},
 title={Halsey's  {M}easure and {C}urdling {T}heorem},
 journal={IOP Journal of Physics: Conference Series},
 volume={1221},
 number={012047},
 year={2019},
}

@ARTICLE{Del-Rio2019,
 author={J. L. DelRío-Correa and J. López-García and G. Durán-Meza},
 title={Multifractal {D}ecompositions using {I}terated {F}unction {S}ystems},
 journal={IOP Journal of Physics: Conference Series},
 volume={1221},
 number={012041},
 year={2019},
}

@ARTICLE{Elton-1987,
 author={John H. Elton},
 title={An {E}rgodic {T}heorem for {I}terated {M}aps},
 journal={Ergodic Theory and Dynamical Systems},
 number={7},
 pages={481-488},
 year={1987},
}

@ARTICLE{Del-Rio2002,
 author={J. L. DelRío-Correa},
 title={Nonequilibrium {S}tatistical {M}echanics {A}pproach to one {D}imensional {C}haotic {M}aps},
 journal={Rev. Mex. Fís.},
 volume={48},
 number={1},
 pages={207},
 year={2002},
}

@BOOK{Lasota-Mackey94,
 author={Andrzej Lasota and Michael C. Mackey},
 title={Chaos,  {F}ractals and {N}oise, {S}tochastic {A}spects of {D}ynamics},
 publisher= {Springer-Verlag},
 edition=2,
 address={New York},
 year={1994},
}

@BOOK{Mackey92,
 author={Michael C. Mackey},
 title={Time's  {A}rrow: {T}he {O}rigins of {T}hermodynamic {B}ehavior},
 publisher= {Springer-Verlag},
 address={New York},
 year={1992},
}

@INCOLLECTION{Pap-2002,
 author={Kenneth.J. Falconer},
 title={Fractal {M}easures},
 editor={E. Pap},
 booktitle={Handbook of {M}easure {T}heory},
 publisher= {Elsevier},
 address={North Holland},
 year={2002},
}

@ARTICLE{Luevano-Pina2008,
 author={José Rubén Luévano and Eduardo Piña},
 title={The {S}chroder functional equation and its relation to
the invariant measures of chaotic maps},
 journal={Journal of Physics A: Mathematical and Theoretical},
 volume={41},
 pages={265101},
 year={2008},
}

@BOOK{Devaney92,
 author={Robert L. Devaney},
 title={A {F}irst {C}ourse in {C}haotic {D}ynamical {S}ystems. {T}heory and {E}xperiment},
 publisher={Perseus Book Publishing},
 address={USA},
 year={1992},
}

@BOOK{Boyarsky97,
 author={Abraham Boyarsky and Pawel Góra},
 title={Laws of {C}haos. {I}nvariant {M}easures and {D}ynamical {S}ystems in {O}ne {D}imension},
 publisher={Birkhauser Boston},
 address={USA},
 year={1997},
}

@BOOK{Schroeder91,
 author={Manfred Schroeder},
 title={Fractals, {C}haos, {P}ower {L}aws},
 publisher={W. H. Freeman and Company},
 address={New York},
 year={1991},
}

@BOOK{Stratonovich63,
 author={R. L. Stratonovich},
 title={Topics in the {T}heory of {R}andom {N}oise},
 publisher={Gordon and Breach, Science Publisher, Inc.},
 address={USA},
 year={1963},
}

@INCOLLECTION{Pina2016,
 author={Eduardo Pi$\tilde{n}$a-Garza},
 title={Funciones de {D}istribución de {M}apeos},
 booktitle={Memorias de la XI {E}scuela {M}exicana de {F}ísica {E}stadística},
 publisher={SMF},
 year={2016},
}

@BOOK{Devaney1989,
 author={Robert L. Devaney},
 title={An {I}ntroduction to {C}haotic {D}ynamical {S}ystems},
 publisher={Addison-Wesley Publishing Company},
 edition=2,
 address={USA},
 year={1989},
}

@BOOK{Hirsch2004,
 author={Hirsch, M. and Smale, S. and R. L. Devaney},
 title={Differential  {E}quations, {D}ynamical {S}ystems, and an {I}ntroduction to {C}haos},
 publisher={Elsevier},
 address={USA},
 year={2004},
pages={140},
}

@BOOK{Katok1995,
 author={Katok, A. and Hasselblatt, B.},
 title={Introduction to the {M}odern {T}heory of {D}ynamical {S}ystems},
 publisher={Cambridge University Press},
 address={UKA},
 year={1995},
pages={1},
}

@ARTICLE{Purkert2008,
 author={Walter Purkert},
 title={The {D}ouble
{L}ife of {F}elix
{H}ausdorff/{P}aul {M}ongré},
 journal={Springer Science},
 volume={30},
 number={4},
 pages={36-50},
 year={2008},
}

@INCOLLECTION{Schrodinger1951,
 author={Erwin Schrodinger},
 title={Causalidad y {M}ecánica {O}ndulatoria},
 editor={James R. Newman},
 booktitle={Sigma. {E}l {M}undo de las {M}atemáticas},
 publisher= {Grijalbo},
 address={Barcelona},
 year={1994},
 volume={2},
 chapter={19},
 pages={332-345},
 note={Extracto del libro: Science and Humanism: Physics in our Time, Cambridge, 1951 },
}

@ARTICLE{Jibrael-2010,
 author={Fawwaz Jinan Jibrael},
 title={Multiband cross dipole antenna based on the triangular and
quadratic fractal {K}och curve},
 journal={International Journal of Engineering (IJE)},
 volume={4},
 number={3},
 pages={201-209},
 year={2010},
}

@ARTICLE{RevolvySpace,
 author={RevolvyLLC},
 title={Spacefilling curve},
 note={Retrieved December 26, 2019},
 journal={
https://www.revolvy.com},
 year={2019},
}

@ARTICLE{Vilienkin-1992,
 author={N. Ya Vilienkin},
 title={Narraciones sobre {C}onjuntos},
 journal={Revista del Seminario de Enseñanza y Titulación. FC-UNAM},
 volume={8},
 number={68},
 pages={34-39},
 year={1992},
}

@BOOK{Courant-Robbins1967,
 author={Courant, R. and Robbins, H.},
 title={Qué es la  {M}atemática},
 publisher={Aguilar},
 address={España},
 year={1967},
pages={86-97},
}

@BACHELORSTHESIS{Tesis-JLG,
 author={J. López-García},
 title={La {D}imensión de {A}utosimilaridad y la {D}imensión de {H}ausdorff-{B}esicovich},
 note={BSc thesis, UNAM, FES-Acatlán},
 school={UNAM, FES-Acatlán},
 year={1999},
}

@ARTICLE{Olsen2002,
 author={L. Olsen},
 title={Divergence points of deformed empirical measures},
 journal={Mathematical Research Letters},
 volume={9},
 number={5-6},
 pages={701-713},
 year={2002},
}

@BOOK{Renyi1970,
 author={Renyi, A.},
 title={Probability {T}heory},
 publisher={North-Holland},
 address={Amsterdam},
 year={1970},
}

@INCOLLECTION{Del-Rio2006,
 author={J. L. DelRío-Correa and Eduardo Pi$\tilde{n}$a-Garza and G. Gálvez Coyt and E. Izquierdo de la 
Cruz},
 title={Solución analítica de la función de {H}alsey para procesos 
multiplicativos},
 booktitle={Memorias {XLIX} {C}ongreso {N}acional de {F}ísica},
 publisher={SMF},
 year={2006},
}

@ARTICLE{Banach1922,
 author={Banach, S.},
 title={Sur les operations dans les ensembles abstraits et leur applications aux equations integrals},
 journal={Fundamental Mathematicae},
 volume={3},
 pages={133-181},
 year={1922},
}

@ARTICLE{Krzysztof2007,
 author={Krzysztof Ciesielski},
 title={On {S}tefan {B}anach and some of his results},
 journal={Banach J. Math. Anal.},
 volume={1},
 pages={1-10},
 year={2007},
}


@BOOK{Praveen2018,
 author={Praveen Agarwal and Mohamed Jleli and Bessem Samet},
 title={Banach {C}ontraction {P}rinciple and {A}pplications},
 booktitle={Fixed {P}oint {T}heory in {M}etric {S}paces},
 publisher= {Springer Nature Singapore Pte Ltd},
 address={Singapore},
 year={2018},
 chapter={1},
 pages={1-23},
}

@ARTICLE{Forte1995,
 author={B. Forte and E.R.Vrscay},
 title={Solving the inverse problem for 
function and image approximation using iterated function systems},
 journal={Dyn. Cont. Impul. Sys.},
 volume={1},
 number={2},
 pages={177-231},
 year={1995},
}

@BOOK{Harte2001,
 author={Harte, D.},
 title={Multifractals. {T}heory and applications},
 publisher={Chapman and Hall/CRC},
 address={USA},
 year={2001},
}

@MASTERSTHESIS{Yulian2020,
 author={Álvarez-Ballesteros, Y.A.},
 title={Fractales y {M}edidas {I}nvariantes},
 school={UAM, Iztapalapa},
 year={2020},
}

@BOOK{Kunze2012,
 author={Herb Kunze and Davide La Torre and Franklin Mendivil and Edward R. Vrscay},
 title={Fractal-{B}ased {M}ethods in {A}nalysis},
 publisher={Springer},
 address={USA},
 year={2012},
}

@INCOLLECTION{Fisher92,
 author={Y. Fisher},
 title={A discussion of fractal image compression},
 editor={H.O. Peitgen and H. Jurgens and D. Saupe},
 booktitle={Chaos and Fractals. New Frontiers of Science},
 series={Appendix A},
 pages={903-919},
 publisher={Springer-Verlag},
 address={New York},
 year={1992},
}

@BOOK{Pesin1998,
 author={Pesin, Y.B.},
 title={Dimension theory in {D}ynamical {S}ystem: {C}ontemporary views and applications},
 publisher= {University of Chicago Press},
 address={Chicago},
year={1998},
}

@ARTICLE{Takens2000,
 author={Takens, F. and Verbitski, E.},
 title={Multifractal analysis of dimensions and entropies},
 journal={Regular \& Chaotic Dynamics},
 volume={5},
 number={4},
 pages={361-382},
 year={2000},
}

@BOOK{Single1977,
   author = {Singleton, Robert R.},
   title= {Introducción a la Teoría de Juegos y la programación lineal},
   publisher = {Labor Universitaria},
   address={Mexico},
   year = 1977 }

@MISC{
	Rodriguez2018,
	author = {D. Rodriguez},
	title = {El problema de desequilibrio de clases en conjuntos de datos de entrenamiento},
	year = {2018},
	howpublished = {\url{https://www.analyticslane.com/2018/07/04/el-problema-de-desequilibrio-de-clases-en-conjuntos-de-datos-de-entrenamiento/\#google_vignette}},
}

@MISC{
	Chugh2023,
	author = {V. Chugh},
	title = {Precision-Recall Curve in Python Tutorial},
	year = {2023},
	howpublished = {\url{https://www.datacamp.com/tutorial/precision-recall-curve-tutorial}},
}

% ------------------------------------------------------------------------
